/home/eduardo/Documents/bibtex-files/Sciences.bib